<record><leader>00000cas a22000007a 4500</leader><controlfield tag="001">28443974</controlfield><controlfield tag="008">930713c19919999mauwr ne      0   a0eng d</controlfield><datafield ind1=" " ind2=" " tag="010"><subfield code="a">sn 93058819 </subfield></datafield><datafield ind1=" " ind2=" " tag="040"><subfield code="a">MGN</subfield><subfield code="b">eng</subfield><subfield code="c">MGN</subfield><subfield code="d">NSD</subfield><subfield code="d">OCLCQ</subfield></datafield><datafield ind1=" " ind2=" " tag="012"><subfield code="m">1</subfield></datafield><datafield ind1="1" ind2=" " tag="022"><subfield code="a">1082-2275</subfield><subfield code="l">1082-2275</subfield><subfield code="2">1</subfield></datafield><datafield ind1=" " ind2=" " tag="032"><subfield code="a">006152</subfield><subfield code="b">USPS</subfield></datafield><datafield ind1=" " ind2=" " tag="042"><subfield code="a">msc</subfield><subfield code="a">nsdp</subfield></datafield><datafield ind1=" " ind2="4" tag="222"><subfield code="a">The Maynard beacon</subfield></datafield><datafield ind1="0" ind2="4" tag="245"><subfield code="a">The Maynard beacon.</subfield></datafield><datafield ind1=" " ind2=" " tag="260"><subfield code="a">Acton, MA :</subfield><subfield code="b">Beacon Communications</subfield></datafield><datafield ind1=" " ind2=" " tag="300"><subfield code="a">v.</subfield></datafield><datafield ind1=" " ind2=" " tag="310"><subfield code="a">Weekly</subfield></datafield><datafield ind1="0" ind2=" " tag="362"><subfield code="a">Vol. 40, no. 51 (Jan. 3, 1991)-</subfield></datafield><datafield ind1=" " ind2=" " tag="500"><subfield code="a">Serves Maynard, Stow, Bolton.</subfield></datafield><datafield ind1=" " ind2=" " tag="752"><subfield code="a">United States</subfield><subfield code="b">Massachusetts</subfield><subfield code="c">Middlesex</subfield><subfield code="d">Acton.</subfield></datafield><datafield ind1=" " ind2=" " tag="752"><subfield code="a">United States</subfield><subfield code="b">Massachusetts</subfield><subfield code="c">Middlesex</subfield><subfield code="d">Maynard.</subfield></datafield><datafield ind1=" " ind2=" " tag="752"><subfield code="a">United States</subfield><subfield code="b">Massachusetts</subfield><subfield code="c">Middlesex</subfield><subfield code="d">Stow.</subfield></datafield><datafield ind1=" " ind2=" " tag="752"><subfield code="a">United States</subfield><subfield code="b">Massachusetts</subfield><subfield code="c">Middlesex</subfield><subfield code="d">Bolton.</subfield></datafield><datafield ind1="0" ind2=" " tag="775"><subfield code="t">Beacon (Acton, Mass. : 1981)</subfield><subfield code="w">(DLC)   82004713</subfield></datafield><datafield ind1="0" ind2="0" tag="780"><subfield code="t">Beacon (Acton, Mass. : Maynard ed.)</subfield><subfield code="w">(DLC)sn 94055643</subfield></datafield></record>